<record><leader>00000cas a2200000 i 4500</leader><controlfield tag="001">9743654</controlfield><controlfield tag="008">830727d18011810vtuwr ne      0   a0eng c</controlfield><datafield ind1=" " ind2=" " tag="010"><subfield code="a">sn 83025693 </subfield></datafield><datafield ind1=" " ind2=" " tag="040"><subfield code="a">NPV</subfield><subfield code="b">eng</subfield><subfield code="e">rda</subfield><subfield code="c">NPV</subfield><subfield code="d">NPX</subfield><subfield code="d">DLC</subfield><subfield code="d">NPU</subfield><subfield code="d">DLC</subfield><subfield code="d">IUL</subfield><subfield code="d">MGN</subfield><subfield code="d">NYG</subfield><subfield code="d">HUL</subfield><subfield code="d">NVN</subfield><subfield code="d">OBN</subfield><subfield code="d">OCL</subfield><subfield code="d">CVF</subfield><subfield code="d">NYS</subfield><subfield code="d">NVN</subfield><subfield code="d">OCLCQ</subfield><subfield code="d">KRTAS</subfield><subfield code="d">DLC</subfield><subfield code="d">OCLCQ</subfield><subfield code="d">OCLCA</subfield><subfield code="d">OCLCF</subfield><subfield code="d">CUS</subfield><subfield code="d">IUL</subfield><subfield code="d">NLC</subfield></datafield><datafield ind1=" " ind2=" " tag="016"><subfield code="a">(AMICUS)000017025288</subfield></datafield><datafield ind1="1" ind2=" " tag="029"><subfield code="a">AU@</subfield><subfield code="b">000020293154</subfield></datafield><datafield ind1=" " ind2=" " tag="042"><subfield code="a">pcc</subfield></datafield><datafield ind1=" " ind2=" " tag="043"><subfield code="a">n-us-vt</subfield></datafield><datafield ind1=" " ind2=" " tag="045"><subfield code="a">w0w1</subfield></datafield><datafield ind1="0" ind2="0" tag="050"><subfield code="a">Newspaper</subfield></datafield><datafield ind1="1" ind2="4" tag="050"><subfield code="a">AN</subfield></datafield><datafield ind1=" " ind2=" " tag="052"><subfield code="a">3753</subfield><subfield code="b">C5</subfield></datafield><datafield ind1="0" ind2=" " tag="130"><subfield code="a">Vermont centinel (Burlington, Vt. : 1801)</subfield></datafield><datafield ind1="1" ind2="0" tag="245"><subfield code="a">Vermont centinel.</subfield></datafield><datafield ind1=" " ind2="1" tag="264"><subfield code="a">Burlington [Vt.] :</subfield><subfield code="b">J.K. Baker,</subfield><subfield code="c">1801-[1810]</subfield></datafield><datafield ind1=" " ind2=" " tag="300"><subfield code="a">10 volumes</subfield></datafield><datafield ind1=" " ind2=" " tag="310"><subfield code="a">Weekly</subfield></datafield><datafield ind1=" " ind2=" " tag="336"><subfield code="a">text</subfield><subfield code="b">txt</subfield><subfield code="2">rdacontent</subfield></datafield><datafield ind1=" " ind2=" " tag="337"><subfield code="a">unmediated</subfield><subfield code="b">n</subfield><subfield code="2">rdamedia</subfield></datafield><datafield ind1=" " ind2=" " tag="338"><subfield code="a">volume</subfield><subfield code="b">nc</subfield><subfield code="2">rdacarrier</subfield></datafield><datafield ind1="0" ind2=" " tag="362"><subfield code="a">Vol. 1, no. 1 (Mar. 19, 1801).</subfield></datafield><datafield ind1="1" ind2=" " tag="362"><subfield code="a">Ceased Dec. 6, 1810.</subfield></datafield><datafield ind1=" " ind2=" " tag="500"><subfield code="a">Title from masthead.</subfield></datafield><datafield ind1=" " ind2=" " tag="530"><subfield code="a">Also issued on microopaque and on microfilm from Readex Microprint Corp.</subfield></datafield><datafield ind1=" " ind2=" " tag="588"><subfield code="a">Latest issue consulted: Vol. X, no. 35 (Nov. 30, 1810); America's Historical Newspapers (viewed September 14, 2017).</subfield></datafield><datafield ind1=" " ind2="0" tag="651"><subfield code="a">Burlington (Vt.)</subfield><subfield code="v">Newspapers.</subfield></datafield><datafield ind1=" " ind2="0" tag="651"><subfield code="a">Chittenden County (Vt.)</subfield><subfield code="v">Newspapers.</subfield></datafield><datafield ind1=" " ind2="0" tag="651"><subfield code="a">Vermont</subfield><subfield code="v">Newspapers.</subfield></datafield><datafield ind1=" " ind2="7" tag="651"><subfield code="a">Vermont.</subfield><subfield code="2">fast</subfield><subfield code="0">(OCoLC)fst01204305</subfield></datafield><datafield ind1=" " ind2="7" tag="651"><subfield code="a">Vermont</subfield><subfield code="z">Burlington.</subfield><subfield code="2">fast</subfield><subfield code="0">(OCoLC)fst01207603</subfield></datafield><datafield ind1=" " ind2="7" tag="651"><subfield code="a">Vermont</subfield><subfield code="z">Chittenden County.</subfield><subfield code="2">fast</subfield><subfield code="0">(OCoLC)fst01211998</subfield></datafield><datafield ind1=" " ind2="7" tag="655"><subfield code="a">Newspapers.</subfield><subfield code="2">fast</subfield><subfield code="0">(OCoLC)fst01423814</subfield></datafield><datafield ind1=" " ind2=" " tag="752"><subfield code="a">United States</subfield><subfield code="b">Vermont</subfield><subfield code="c">Chittenden</subfield><subfield code="d">Burlington</subfield></datafield><datafield ind1="0" ind2="0" tag="785"><subfield code="t">Northern centinel (Burlington, Vt. : 1810)</subfield><subfield code="w">(DLC)sn 84023146</subfield><subfield code="w">(OCoLC)10772227</subfield></datafield><datafield ind1=" " ind2=" " tag="850"><subfield code="a">MH</subfield></datafield><datafield ind1="4" ind2="1" tag="856"><subfield code="u">http://infoweb.newsbank.com/?db=EANX&amp;s_browseRef=decades/10CE5456336F1188/all.xml</subfield></datafield><datafield ind1=" " ind2=" " tag="938"><subfield code="a">Kirtas Technologies, Inc.</subfield><subfield code="b">KRTS</subfield><subfield code="n">737175</subfield></datafield></record>